@article{DOsualdo22,
  author  = {Emanuele D'Osualdo and
             Azadeh Farzan and
             Derek Dreyer},
  title   = {Proving Hypersafety Compositionally (Extended Version)},
  journal = {CoRR},
  volume  = {arxiv:2209.07448},
  year    = {2022},
  doi     = {10.48550/arxiv.2209.07448},
}

@inproceedings{FlanaganQS02,
  author    = {Cormac Flanagan and
               Shaz Qadeer and
               Sanjit A. Seshia},
  NOeditor    = {Ed Brinksma and
               Kim Guldstrand Larsen},
  title     = {A Modular Checker for Multithreaded Programs},
  booktitle = {Computer Aided Verification, 14th International Conference, {CAV}
               2002,Copenhagen, Denmark, July 27-31, 2002, Proceedings},
  series    = {Lecture Notes in Computer Science},
  volume    = {2404},
  pages     = {180--194},
  publisher = {Springer},
  year      = {2002},
  url       = {https://doi.org/10.1007/3-540-45657-0\_14},
  doi       = {10.1007/3-540-45657-0\_14},
}

@inproceedings{McMillan99a,
  author    = {Kenneth L. McMillan},
  NOeditor    = {Laurence Pierre and
               Thomas Kropf},
  title     = {Circular Compositional Reasoning about Liveness},
  booktitle = {Correct Hardware Design and Verification Methods, 10th {IFIP} {WG}
               10.5 Advanced Research Working Conference, {CHARME} '99, Bad Herrenalb,
               Germany, September 27-29, 1999, Proceedings},
  series    = {Lecture Notes in Computer Science},
  volume    = {1703},
  pages     = {342--345},
  publisher = {Springer},
  year      = {1999},
  url       = {https://doi.org/10.1007/3-540-48153-2\_30},
  doi       = {10.1007/3-540-48153-2\_30},
}

@inproceedings{GuptaPR11,
  author    = {Ashutosh Gupta and
               Corneliu Popeea and
               Andrey Rybalchenko},
  NOeditor  = {Ganesh Gopalakrishnan and
               Shaz Qadeer},
  title     = {Threader: {A} Constraint-Based Verifier for Multi-threaded Programs},
  booktitle = {Computer Aided Verification - 23rd International Conference, {CAV}
               2011, Snowbird, UT, USA, July 14-20, 2011. Proceedings},
  series    = {Lecture Notes in Computer Science},
  volume    = {6806},
  pages     = {412--417},
  publisher = {Springer},
  year      = {2011},
  url       = {https://doi.org/10.1007/978-3-642-22110-1\_32},
  doi       = {10.1007/978-3-642-22110-1\_32},
}

@article{GodlinS13,
  author    = {Benny Godlin and
               Ofer Strichman},
  title     = {Regression verification: proving the equivalence of similar programs},
  journal   = {Softw. Test. Verification Reliab.},
  volume    = {23},
  number    = {3},
  pages     = {241--258},
  year      = {2013},
  url       = {https://doi.org/10.1002/stvr.1472},
  doi       = {10.1002/stvr.1472},
}

@inproceedings{Strichman09,
  author    = {Ofer Strichman},
  NOeditor    = {Ahmed Bouajjani and
               Oded Maler},
  title     = {Regression Verification: Proving the Equivalence of Similar Programs},
  booktitle = {Computer Aided Verification, 21st International Conference, {CAV}
               2009, Grenoble, France, June 26 - July 2, 2009. Proceedings},
  series    = {Lecture Notes in Computer Science},
  volume    = {5643},
  pages     = {63},
  publisher = {Springer},
  year      = {2009},
  url       = {https://doi.org/10.1007/978-3-642-02658-4\_8},
  doi       = {10.1007/978-3-642-02658-4\_8},
  timestamp = {Sat, 19 Oct 2019 19:58:36 +0200},
  biburl    = {https://dblp.org/rec/conf/cav/Strichman09.bib},
  bibsource = {dblp computer science bibliography, https://dblp.org}
}

@inproceedings{Beringer11,
  author    = {Lennart Beringer},
  NOeditor    = {Marko C. J. D. van Eekelen and
               Herman Geuvers and
               Julien Schmaltz and
               Freek Wiedijk},
  title     = {Relational Decomposition},
  booktitle = {ITP},
  year      = {2011},
  pages     = {39--54},
  url       = {https://doi.org/10.1007/978-3-642-22863-6\_6},
  doi       = {10.1007/978-3-642-22863-6\_6},
}

@inproceedings{BeringerH07,
  author    = {Lennart Beringer and
               Martin Hofmann},
  title     = {Secure information flow and program logics},
  booktitle = {{CSF}},
  pages     = {233--248},
  doi       = {10.1109/CSF.2007.30},
  publisher = {{IEEE} Computer Society},
  year      = {2007}
}

@inproceedings{KovacsSF13,
  author    = {M{\'{a}}t{\'{e}} Kov{\'{a}}cs and
               Helmut Seidl and
               Bernd Finkbeiner},
  NOeditor    = {Ahmad{-}Reza Sadeghi and
               Virgil D. Gligor and
               Moti Yung},
  title     = {Relational abstract interpretation for the verification of 2-hypersafety
               properties},
  booktitle = {2013 {ACM} {SIGSAC} Conference on Computer and Communications Security,
               CCS'13, Berlin, Germany, November 4-8, 2013},
  pages     = {211--222},
  publisher = {{ACM}},
  year      = {2013},
  url       = {https://doi.org/10.1145/2508859.2516721},
  doi       = {10.1145/2508859.2516721},
  timestamp = {Tue, 10 Nov 2020 20:00:22 +0100},
  biburl    = {https://dblp.org/rec/conf/ccs/KovacsSF13.bib},
  bibsource = {dblp computer science bibliography, https://dblp.org}
}

@inproceedings{TerauchiA05,
  author    = {Tachio Terauchi and
               Alexander Aiken},
  NOeditor    = {Chris Hankin and
               Igor Siveroni},
  title     = {Secure Information Flow as a Safety Problem},
  booktitle = {SAS},
  pages     = {352--367},
  year      = {2005},
  url       = {https://doi.org/10.1007/11547662\_24},
  doi       = {10.1007/11547662\_24},
}

@inproceedings{DarvasHS05,
  author    = {{\'{A}}d{\'{a}}m Darvas and
               Reiner H{\"{a}}hnle and
               David Sands},
  NOeditor    = {Dieter Hutter and
               Markus Ullmann},
  title     = {A Theorem Proving Approach to Analysis of Secure Information Flow},
  booktitle = {Security in Pervasive Computing, Second International Conference,
               {SPC} 2005, Boppard, Germany, April 6-8, 2005, Proceedings},
  series    = {Lecture Notes in Computer Science},
  volume    = {3450},
  pages     = {193--209},
  publisher = {Springer},
  year      = {2005},
  url       = {https://doi.org/10.1007/978-3-540-32004-3\_20},
  doi       = {10.1007/978-3-540-32004-3\_20},
  timestamp = {Tue, 14 May 2019 10:00:48 +0200},
  biburl    = {https://dblp.org/rec/conf/spc/DarvasHS05.bib},
  bibsource = {dblp computer science bibliography, https://dblp.org}
}

@article{Chargueraud20,
  author    = {Arthur Chargu{\'{e}}raud},
  title     = {Separation logic for sequential programs (functional pearl)},
  journal   = {Proc. {ACM} Program. Lang.},
  volume    = {4},
  number    = {{ICFP}},
  pages     = {116:1--116:34},
  year      = {2020},
  doi       = {10.1145/3408998},
  url       = {http://www.chargueraud.org/research/2020/seq_seplogic/seq_seplogic.pdf}
}

@article{iris3,
  author    = {Ralf Jung and
               Robbert Krebbers and
               Jacques{-}Henri Jourdan and
               Ales Bizjak and
               Lars Birkedal and
               Derek Dreyer},
  title     = {Iris from the ground up: {A} modular foundation for higher-order concurrent
               separation logic},
  journal   = {J. Funct. Program.},
  volume    = {28},
  pages     = {e20},
  year      = {2018},
  doi       = {10.1017/S0956796818000151},
  url       = {https://people.mpi-sws.org/~dreyer/papers/iris-ground-up/paper.pdf}
}

@inproceedings{SousaD16,
  author    = {Marcelo Sousa and
               Isil Dillig},
  title     = {Cartesian Hoare logic for verifying k-safety properties},
  doi       = {10.1145/2908080.2908092},
  booktitle = {{PLDI}},
  pages     = {57--69},
  publisher = {{ACM}},
  year      = {2016},
}

@inproceedings{PickFG18,
  author    = {Lauren Pick and
               Grigory Fedyukovich and
               Aarti Gupta},
  title     = {Exploiting Synchrony and Symmetry in Relational Verification},
  doi       = {10.1007/978-3-319-96145-3_9},
  booktitle = {{CAV}},
  series    = {Lecture Notes in Computer Science},
  volume    = {10981},
  pages     = {164--182},
  publisher = {Springer},
  year      = {2018}
}

@inproceedings{GoudsmidGS21,
  author    = {Ohad Goudsmid and
               Orna Grumberg and
               Sarai Sheinvald},
  title     = {Compositional Model Checking for Multi-properties},
  doi       = {10.1007/978-3-030-67067-2_4},
  booktitle = {{VMCAI}},
  series    = {Lecture Notes in Computer Science},
  volume    = {12597},
  pages     = {55--80},
  publisher = {Springer},
  year      = {2021}
}

@inproceedings{Benton04,
  author    = {Nick Benton},
  title     = {Simple relational correctness proofs for static analyses and program
               transformations},
  doi = {10.1145/964001.964003},
  booktitle = {{POPL}},
  pages     = {14--25},
  publisher = {{ACM}},
  year      = {2004}
}

@inproceedings{BartheGB09,
  author    = {Gilles Barthe and
               Benjamin Gr{\'{e}}goire and
               Santiago Zanella B{\'{e}}guelin},
  title     = {Formal certification of code-based cryptographic proofs},
  doi       = {10.1145/1480881.1480894},
  booktitle = {{POPL}},
  pages     = {90--101},
  publisher = {{ACM}},
  year      = {2009}
}

@inproceedings{BartheCK11,
  author    = {Gilles Barthe and
               Juan Manuel Crespo and
               C{\'{e}}sar Kunz},
  title     = {Relational Verification Using Product Programs},
  doi       = {10.1007/978-3-642-21437-0_17},
  booktitle = {{FM}},
  series    = {Lecture Notes in Computer Science},
  volume    = {6664},
  pages     = {200--214},
  publisher = {Springer},
  year      = {2011}
}

@article{BartheCK16,
  author    = {Gilles Barthe and
               Juan Manuel Crespo and
               C{\'{e}}sar Kunz},
  title     = {Product programs and relational program logics},
  doi       = {10.1016/J.JLAMP.2016.05.004},
  journal   = {J. Log. Algebraic Methods Program.},
  volume    = {85},
  number    = {5},
  pages     = {847--859},
  year      = {2016}
}


@inproceedings{BartheGHS17,
  author    = {Gilles Barthe and
               Benjamin Gr{\'{e}}goire and
               Justin Hsu and
               Pierre{-}Yves Strub},
  title     = {Coupling proofs are probabilistic product programs},
  doi       = {10.1145/3009837.3009896},
  booktitle = {{POPL}},
  pages     = {161--174},
  publisher = {{ACM}},
  year      = {2017}
}

@inproceedings{FarzanV19,
  author    = {Azadeh Farzan and
               Anthony Vandikas},
  title     = {Automated Hypersafety Verification},
  doi       = {10.1007/978-3-030-25540-4_11},
  booktitle = {{CAV} {(1)}},
  series    = {Lecture Notes in Computer Science},
  volume    = {11561},
  pages     = {200--218},
  publisher = {Springer},
  year      = {2019}
}

@article{Yang07,
  author    = {Hongseok Yang},
  title     = {Relational separation logic},
  doi       = {10.1016/J.TCS.2006.12.036},
  journal   = {Theor. Comput. Sci.},
  volume    = {375},
  number    = {1-3},
  pages     = {308--334},
  year      = {2007}
}

@article{AguirreBGGS19,
  author    = {Alejandro Aguirre and
               Gilles Barthe and
               Marco Gaboardi and
               Deepak Garg and
               Pierre{-}Yves Strub},
  title     = {A relational logic for higher-order programs},
  journal   = {J. Funct. Program.},
  volume    = {29},
  pages     = {e16},
  doi       = {10.1017/S0956796819000145},
  year      = {2019}
}

@article{EilersMH20,
  author    = {Marco Eilers and
               Peter M{\"{u}}ller and
               Samuel Hitz},
  title     = {Modular Product Programs},
  doi       = {10.1145/3324783},
  journal   = {{ACM} Trans. Program. Lang. Syst.},
  volume    = {42},
  number    = {1},
  pages     = {3:1--3:37},
  year      = {2020}
}

@article{BartheKOB13,
  author    = {Gilles Barthe and
               Boris K{\"{o}}pf and
               Federico Olmedo and
               Santiago Zanella B{\'{e}}guelin},
  title     = {Probabilistic Relational Reasoning for Differential Privacy},
  doi       = {10.1145/2492061},
  journal   = {{ACM} Trans. Program. Lang. Syst.},
  volume    = {35},
  number    = {3},
  pages     = {9:1--9:49},
  year      = {2013}
}

@inproceedings{GrimmMFHMPRRSB18,
  author    = {Niklas Grimm and
               Kenji Maillard and
               C{\'{e}}dric Fournet and
               Catalin Hritcu and
               Matteo Maffei and
               Jonathan Protzenko and
               Tahina Ramananandro and
               Aseem Rastogi and
               Nikhil Swamy and
               Santiago Zanella B{\'{e}}guelin},
  title     = {A monadic framework for relational verification: applied to information
               security, program equivalence, and optimizations},
  doi       = {10.1145/3167090},
  booktitle = {{CPP}},
  pages     = {130--145},
  publisher = {{ACM}},
  year      = {2018}
}

@inproceedings{ClarksonFKMRS14,
  author    = {Michael R. Clarkson and
               Bernd Finkbeiner and
               Masoud Koleini and
               Kristopher K. Micinski and
               Markus N. Rabe and
               C{\'{e}}sar S{\'{a}}nchez},
  title     = {Temporal Logics for Hyperproperties},
  doi       = {10.1007/978-3-642-54792-8_15},
  booktitle = {{POST}},
  series    = {Lecture Notes in Computer Science},
  volume    = {8414},
  pages     = {265--284},
  publisher = {Springer},
  year      = {2014}
}

@inproceedings{ClarksonS08,
  author    = {Michael R. Clarkson and
               Fred B. Schneider},
  title     = {Hyperproperties},
  doi       = {10.1109/CSF.2008.7},
  booktitle = {{CSF}},
  pages     = {51--65},
  publisher = {{IEEE} Computer Society},
  year      = {2008}
}

@inproceedings{BartheDR04,
  author    = {Gilles Barthe and
               Pedro R. D'Argenio and
               Tamara Rezk},
  title     = {Secure Information Flow by Self-Composition},
  doi       = {10.1109/CSFW.2004.17},
  booktitle = {{CSFW}},
  pages     = {100--114},
  publisher = {{IEEE} Computer Society},
  year      = {2004}
}

@inproceedings{LiangFF12,
  author    = {Hongjin Liang and
               Xinyu Feng and
               Ming Fu},
  title     = {A rely-guarantee-based simulation for verifying concurrent program
               transformations},
  doi = {10.1145/2103656.2103711},
  booktitle = {{POPL}},
  pages     = {455--468},
  publisher = {{ACM}},
  year      = {2012}
}

@inproceedings{FruminKB18,
  author    = {Dan Frumin and
               Robbert Krebbers and
               Lars Birkedal},
  title     = {ReLoC: {A} Mechanised Relational Logic for Fine-Grained Concurrency},
  doi       = {10.1145/3209108.3209174},
  booktitle = {{LICS}},
  pages     = {442--451},
  publisher = {{ACM}},
  year      = {2018}
}


@inproceedings{ShemerGSV19,
  author    = {Ron Shemer and
               Arie Gurfinkel and
               Sharon Shoham and
               Yakir Vizel},
  title     = {Property Directed Self Composition},
  doi       = {10.1007/978-3-030-25540-4_9},
  booktitle = {{CAV} {(1)}},
  series    = {Lecture Notes in Computer Science},
  volume    = {11561},
  pages     = {161--179},
  publisher = {Springer},
  year      = {2019}
}

@inproceedings{UnnoTK21,
  author    = {Hiroshi Unno and
               Tachio Terauchi and
               Eric Koskinen},
  title     = {Constraint-Based Relational Verification},
  doi       = {10.1007/978-3-030-81685-8_35},
  booktitle = {{CAV} {(1)}},
  series    = {Lecture Notes in Computer Science},
  volume    = {12759},
  pages     = {742--766},
  publisher = {Springer},
  year      = {2021}
}

@inproceedings{NagasamudramN21,
  author    = {Ramana Nagasamudram and
               David A. Naumann},
  title     = {Alignment Completeness for Relational Hoare Logics},
  doi       = {10.1109/LICS52264.2021.9470690},
  booktitle = {{LICS}},
  pages     = {1--13},
  publisher = {{IEEE}},
  year      = {2021}
}



